@article{King:2016exc,
      author         = "King, Soma and Lubin, Philip",
      title          = "{Circular polarization of the CMB: Foregrounds and
                        detection prospects}",
      journal        = "Phys. Rev.",
      volume         = "D94",
      year           = "2016",
      number         = "2",
      pages          = "023501",
      doi            = "10.1103/PhysRevD.94.023501",
      eprint         = "1606.04112",
      archivePrefix  = "arXiv",
      primaryClass   = "astro-ph.CO",
      SLACcitation   = "%%CITATION = ARXIV:1606.04112;%%"
}

@article{Cooray:2002nm,
      author         = "Cooray, Asantha and Melchiorri, Alessandro and Silk,
                        Joseph",
      title          = "{Is the cosmic microwave background circularly
                        polarized?}",
      journal        = "Phys. Lett.",
      volume         = "B554",
      year           = "2003",
      pages          = "1-6",
      doi            = "10.1016/S0370-2693(02)03291-4",
      eprint         = "astro-ph/0205214",
      archivePrefix  = "arXiv",
      primaryClass   = "astro-ph",
      SLACcitation   = "%%CITATION = ASTRO-PH/0205214;%%"
}

@article{Matsumiya:2003pw,
      author         = "Matsumiya, Makoto and Ioka, Kunihito",
      title          = "{Circular polarization from gamma-ray burst afterglows}",
      journal        = "Astrophys. J.",
      volume         = "595",
      year           = "2003",
      pages          = "L25-L28",
      doi            = "10.1086/378879",
      eprint         = "astro-ph/0307462",
      archivePrefix  = "arXiv",
      primaryClass   = "astro-ph",
      reportNumber   = "OU-TAP-215",
      SLACcitation   = "%%CITATION = ASTRO-PH/0307462;%%"
}

@article{Kosowsky:1996yc,
      author         = "Kosowsky, Arthur and Loeb, Abraham",
      title          = "{Faraday rotation of microwave background polarization by
                        a primordial magnetic field}",
      journal        = "Astrophys. J.",
      volume         = "469",
      year           = "1996",
      pages          = "1-6",
      doi            = "10.1086/177751",
      eprint         = "astro-ph/9601055",
      archivePrefix  = "arXiv",
      primaryClass   = "astro-ph",
      reportNumber   = "CFA-4273",
      SLACcitation   = "%%CITATION = ASTRO-PH/9601055;%%"
}

@article{Motie:2011az,
      author         = "Motie, Iman and Xue, She-Sheng",
      title          = "{Euler-Heisenberg Lagrangian and Photon Circular
                        Polarization}",
      journal        = "EPL",
      volume         = "100",
      year           = "2012",
      number         = "1",
      pages          = "17006",
      doi            = "10.1209/0295-5075/100/17006",
      eprint         = "1104.3555",
      archivePrefix  = "arXiv",
      primaryClass   = "hep-ph",
      SLACcitation   = "%%CITATION = ARXIV:1104.3555;%%"
}

@article{Montero-Camacho:2018vgs,
      author         = "Montero-Camacho, Paulo and Hirata, Christopher M.",
      title          = "{Exploring circular polarization in the CMB due to
                        conventional sources of cosmic birefringence}",
      year           = "2018",
      eprint         = "1803.04505",
      archivePrefix  = "arXiv",
      primaryClass   = "astro-ph.CO",
      SLACcitation   = "%%CITATION = ARXIV:1803.04505;%%"
}

@article{Giovannini:2009ru,
      author         = "Giovannini, Massimo",
      title          = "{The V-mode polarization of the Cosmic Microwave
                        Background}",
      journal        = "Phys. Rev.",
      volume         = "D80",
      year           = "2009",
      pages          = "123013",
      doi            = "10.1103/PhysRevD.80.123013",
      eprint         = "0909.3629",
      archivePrefix  = "arXiv",
      primaryClass   = "astro-ph.CO",
      reportNumber   = "CERN-PH-TH-2009-171",
      SLACcitation   = "%%CITATION = ARXIV:0909.3629;%%"
}

@article{Alexander:2008fp,
      author         = "Alexander, Stephon and Ochoa, Joseph and Kosowsky,
                        Arthur",
      title          = "{Generation of Circular Polarization of the Cosmic
                        Microwave Background}",
      journal        = "Phys. Rev.",
      volume         = "D79",
      year           = "2009",
      pages          = "063524",
      doi            = "10.1103/PhysRevD.79.063524",
      eprint         = "0810.2355",
      archivePrefix  = "arXiv",
      primaryClass   = "astro-ph",
      SLACcitation   = "%%CITATION = ARXIV:0810.2355;%%"
}

@article{Sawyer:2012gn,
      author         = "Sawyer, R. F.",
      title          = "{Photon-photon interactions as a source of cosmic
                        microwave background circular polarization}",
      journal        = "Phys. Rev.",
      volume         = "D91",
      year           = "2015",
      number         = "2",
      pages          = "021301",
      doi            = "10.1103/PhysRevD.91.021301",
      eprint         = "1205.4969",
      archivePrefix  = "arXiv",
      primaryClass   = "astro-ph.CO",
      SLACcitation   = "%%CITATION = ARXIV:1205.4969;%%"
}

@article{Zhang:2013bna,
      author         = "Zhang, Haocheng and BÃ¶ttcher, Markus",
      title          = "{X-Ray and Gamma-Ray Polarization in Leptonic and
                        Hadronic Jet Models of Blazars}",
      journal        = "Astrophys. J.",
      volume         = "774",
      year           = "2013",
      pages          = "18",
      doi            = "10.1088/0004-637X/774/1/18",
      eprint         = "1307.4187",
      archivePrefix  = "arXiv",
      primaryClass   = "astro-ph.HE",
      SLACcitation   = "%%CITATION = ARXIV:1307.4187;%%"
}

@article{Nagy:2017csq,
      author         = "Nagy, J. M. and others",
      title          = "{A New Limit on CMB Circular Polarization from SPIDER}",
      collaboration  = "SPIDER",
      journal        = "Astrophys. J.",
      volume         = "844",
      year           = "2017",
      number         = "2",
      pages          = "151",
      doi            = "10.3847/1538-4357/aa7cfd",
      eprint         = "1704.00215",
      archivePrefix  = "arXiv",
      primaryClass   = "astro-ph.CO",
      reportNumber   = "FERMILAB-PUB-17-135-AE",
      SLACcitation   = "%%CITATION = ARXIV:1704.00215;%%"
}

@article{Sadegh:2017rnr,
      author         = "Sadegh, Mahdi and Mohammadi, Rohoollah and Motie, Iman",
      title          = "{Generation of circular polarization in CMB radiation via
                        nonlinear photon-photon interaction}",
      journal        = "Phys. Rev.",
      volume         = "D97",
      year           = "2018",
      number         = "2",
      pages          = "023023",
      doi            = "10.1103/PhysRevD.97.023023",
      eprint         = "1711.06997",
      archivePrefix  = "arXiv",
      primaryClass   = "astro-ph.CO",
      SLACcitation   = "%%CITATION = ARXIV:1711.06997;%%"
}


